@article{hatna2012schelling,
  title={The Schelling model of ethnic residential dynamics: Beyond the integrated-segregated dichotomy of patterns},
  author={Hatna, Erez and Benenson, Itzhak},
  journal={Journal of Artificial Societies and Social Simulation},
  volume={15},
  number={1},
  pages={6},
  year={2012}
}

@online{scopussearch,
    author = "Elsevier B.V",
    title = "Scopus- Document Search",
    url  = "https://www.scopus.com/search/form.uri?display=basic#basic",
    addendum = "(accessed: 07.12.2022",
    keywords = "scopus,database,search"
}
