
@article{noauthor_systematic_2022,
	title = {A {Systematic} {Review} and {Bibliometric} {Analysis} of {Wildland} {Fire} {Behavior} {Modeling}},
	url = {https://www.mdpi.com/2311-5521/7/12/374},
}

@article{bowman_fire_2009,
	title = {Fire in the {Earth} {System}},
	url = {http://web.physics.ucsb.edu/~complex/pubs/bowman2009.pdf},
	author = {Bowman, David},
}

